%YAML 1.1
%TAG !u! tag:unity3d.com,2011:
--- !u!1 &175778
GameObject:
  m_ObjectHideFlags: 0
  m_PrefabParentObject: {fileID: 0}
  m_PrefabInternal: {fileID: 100100000}
  serializedVersion: 5
  m_Component:
  - component: {fileID: 482218}
  - component: {fileID: 11483082}
  - component: {fileID: 11493040}
  - component: {fileID: 114747874354901174}
  m_Layer: 0
  m_Name: Damage
  m_TagString: Untagged
  m_Icon: {fileID: 0}
  m_NavMeshLayer: 0
  m_StaticEditorFlags: 0
  m_IsActive: 1
--- !u!1 &188868
GameObject:
  m_ObjectHideFlags: 0
  m_PrefabParentObject: {fileID: 0}
  m_PrefabInternal: {fileID: 100100000}
  serializedVersion: 5
  m_Component:
  - component: {fileID: 428094}
  - component: {fileID: 11490754}
  - component: {fileID: 11406264}
  - component: {fileID: 114894749121344244}
  - component: {fileID: 114691471015335490}
  - component: {fileID: 114086180217039206}
  m_Layer: 0
  m_Name: Archer Basic Attack
  m_TagString: Untagged
  m_Icon: {fileID: 0}
  m_NavMeshLayer: 0
  m_StaticEditorFlags: 0
  m_IsActive: 1
--- !u!4 &428094
Transform:
  m_ObjectHideFlags: 1
  m_PrefabParentObject: {fileID: 0}
  m_PrefabInternal: {fileID: 100100000}
  m_GameObject: {fileID: 188868}
  m_LocalRotation: {x: 0, y: 0, z: 0, w: 1}
  m_LocalPosition: {x: 0, y: 0, z: 0}
  m_LocalScale: {x: 1, y: 1, z: 1}
  m_Children:
  - {fileID: 482218}
  m_Father: {fileID: 0}
  m_RootOrder: 0
  m_LocalEulerAnglesHint: {x: 0, y: 0, z: 0}
--- !u!4 &482218
Transform:
  m_ObjectHideFlags: 1
  m_PrefabParentObject: {fileID: 0}
  m_PrefabInternal: {fileID: 100100000}
  m_GameObject: {fileID: 175778}
  m_LocalRotation: {x: 0, y: 0, z: 0, w: 1}
  m_LocalPosition: {x: 0, y: 0, z: 0}
  m_LocalScale: {x: 1, y: 1, z: 1}
  m_Children: []
  m_Father: {fileID: 428094}
  m_RootOrder: 0
  m_LocalEulerAnglesHint: {x: 0, y: 0, z: 0}
--- !u!114 &11406264
MonoBehaviour:
  m_ObjectHideFlags: 1
  m_PrefabParentObject: {fileID: 0}
  m_PrefabInternal: {fileID: 100100000}
  m_GameObject: {fileID: 188868}
  m_Enabled: 1
  m_EditorHideFlags: 0
  m_Script: {fileID: 11500000, guid: 40a5abd33e9fb43f5b477e331e4a0e84, type: 3}
  m_Name: 
  m_EditorClassIdentifier: 
  level: 12
--- !u!114 &11483082
MonoBehaviour:
  m_ObjectHideFlags: 1
  m_PrefabParentObject: {fileID: 0}
  m_PrefabInternal: {fileID: 100100000}
  m_GameObject: {fileID: 175778}
  m_Enabled: 1
  m_EditorHideFlags: 0
  m_Script: {fileID: 11500000, guid: 0016ccd840ffa4c18a0cc68d4a42e8a4, type: 3}
  m_Name: 
  m_EditorClassIdentifier: 
--- !u!114 &11490754
MonoBehaviour:
  m_ObjectHideFlags: 1
  m_PrefabParentObject: {fileID: 0}
  m_PrefabInternal: {fileID: 100100000}
  m_GameObject: {fileID: 188868}
  m_Enabled: 1
  m_EditorHideFlags: 0
  m_Script: {fileID: 11500000, guid: 26e1788e9444143a5a79ea3477544eb8, type: 3}
  m_Name: 
  m_EditorClassIdentifier: 
  _description: Attack with an equipped weapon.
  _requiresTarget: 0
  _requiresEmptyTile: 0
  _ignoreSelf: 0
  sprite: {fileID: 21300116, guid: 5f16b659c947541bcb752b08b07b025d, type: 3}
--- !u!114 &11493040
MonoBehaviour:
  m_ObjectHideFlags: 1
  m_PrefabParentObject: {fileID: 0}
  m_PrefabInternal: {fileID: 100100000}
  m_GameObject: {fileID: 175778}
  m_Enabled: 1
  m_EditorHideFlags: 0
  m_Script: {fileID: 11500000, guid: 2a05a8af6d47c44e7ad11d705acfed06, type: 3}
  m_Name: 
  m_EditorClassIdentifier: 
  particleEffectPrefab: {fileID: 0}
  _targetAlliances: 0
--- !u!1001 &100100000
Prefab:
  m_ObjectHideFlags: 1
  serializedVersion: 2
  m_Modification:
    m_TransformParent: {fileID: 0}
    m_Modifications:
    - target: {fileID: 0}
      propertyPath: horizontal
      value: 1
      objectReference: {fileID: 0}
    m_RemovedComponents: []
  m_ParentPrefab: {fileID: 0}
  m_RootGameObject: {fileID: 188868}
  m_IsPrefabParent: 1
--- !u!114 &114086180217039206
MonoBehaviour:
  m_ObjectHideFlags: 1
  m_PrefabParentObject: {fileID: 0}
  m_PrefabInternal: {fileID: 100100000}
  m_GameObject: {fileID: 188868}
  m_Enabled: 1
  m_EditorHideFlags: 0
  m_Script: {fileID: 11500000, guid: f1449afc18e4a47038c694139eb7df52, type: 3}
  m_Name: 
  m_EditorClassIdentifier: 
  amount: 4
--- !u!114 &114691471015335490
MonoBehaviour:
  m_ObjectHideFlags: 1
  m_PrefabParentObject: {fileID: 0}
  m_PrefabInternal: {fileID: 100100000}
  m_GameObject: {fileID: 188868}
  m_Enabled: 1
  m_EditorHideFlags: 0
  m_Script: {fileID: 11500000, guid: 10818c1677de84b63ae618cba26e2f2e, type: 3}
  m_Name: 
  m_EditorClassIdentifier: 
--- !u!114 &114747874354901174
MonoBehaviour:
  m_ObjectHideFlags: 1
  m_PrefabParentObject: {fileID: 0}
  m_PrefabInternal: {fileID: 100100000}
  m_GameObject: {fileID: 175778}
  m_Enabled: 1
  m_EditorHideFlags: 0
  m_Script: {fileID: 11500000, guid: f07da020220214cb5a3bf83485efe74b, type: 3}
  m_Name: 
  m_EditorClassIdentifier: 
--- !u!114 &114894749121344244
MonoBehaviour:
  m_ObjectHideFlags: 1
  m_PrefabParentObject: {fileID: 0}
  m_PrefabInternal: {fileID: 100100000}
  m_GameObject: {fileID: 188868}
  m_Enabled: 1
  m_EditorHideFlags: 0
  m_Script: {fileID: 11500000, guid: d478dccdfc0c249c8b0c70151dfbadfa, type: 3}
  m_Name: 
  m_EditorClassIdentifier: 
  minHorizonal: 1
  maxHorizontal: 3
  vertical: 4
  outOfSightTiles: []
  _rangeModifiable: 0
  _requiresLineOfSight: 1
