%YAML 1.1
%TAG !u! tag:unity3d.com,2011:
--- !u!1 &143040
GameObject:
  m_ObjectHideFlags: 0
  m_PrefabParentObject: {fileID: 0}
  m_PrefabInternal: {fileID: 100100000}
  serializedVersion: 5
  m_Component:
  - component: {fileID: 442938}
  - component: {fileID: 11412992}
  - component: {fileID: 11438436}
  - component: {fileID: 114899749505627334}
  - component: {fileID: 114960783719897268}
  - component: {fileID: 114012628943495326}
  - component: {fileID: 114421121329562832}
  m_Layer: 0
  m_Name: Retreat Arrow
  m_TagString: Untagged
  m_Icon: {fileID: 0}
  m_NavMeshLayer: 0
  m_StaticEditorFlags: 0
  m_IsActive: 1
--- !u!1 &184378
GameObject:
  m_ObjectHideFlags: 0
  m_PrefabParentObject: {fileID: 0}
  m_PrefabInternal: {fileID: 100100000}
  serializedVersion: 5
  m_Component:
  - component: {fileID: 419934}
  - component: {fileID: 11437132}
  - component: {fileID: 114350296325566154}
  - component: {fileID: 114105482847507332}
  m_Layer: 0
  m_Name: Push
  m_TagString: Untagged
  m_Icon: {fileID: 0}
  m_NavMeshLayer: 0
  m_StaticEditorFlags: 0
  m_IsActive: 1
--- !u!4 &419934
Transform:
  m_ObjectHideFlags: 1
  m_PrefabParentObject: {fileID: 0}
  m_PrefabInternal: {fileID: 100100000}
  m_GameObject: {fileID: 184378}
  m_LocalRotation: {x: -0, y: -0, z: -0, w: 1}
  m_LocalPosition: {x: 0, y: 0, z: 0}
  m_LocalScale: {x: 1, y: 1, z: 1}
  m_Children: []
  m_Father: {fileID: 442938}
  m_RootOrder: 1
  m_LocalEulerAnglesHint: {x: 0, y: 0, z: 0}
--- !u!4 &442938
Transform:
  m_ObjectHideFlags: 1
  m_PrefabParentObject: {fileID: 0}
  m_PrefabInternal: {fileID: 100100000}
  m_GameObject: {fileID: 143040}
  m_LocalRotation: {x: 0, y: 0, z: 0, w: 1}
  m_LocalPosition: {x: 0, y: 0, z: 0}
  m_LocalScale: {x: 1, y: 1, z: 1}
  m_Children:
  - {fileID: 4290084036237480}
  - {fileID: 419934}
  m_Father: {fileID: 0}
  m_RootOrder: 0
  m_LocalEulerAnglesHint: {x: 0, y: 0, z: 0}
--- !u!114 &11412992
MonoBehaviour:
  m_ObjectHideFlags: 1
  m_PrefabParentObject: {fileID: 0}
  m_PrefabInternal: {fileID: 100100000}
  m_GameObject: {fileID: 143040}
  m_Enabled: 1
  m_EditorHideFlags: 0
  m_Script: {fileID: 11500000, guid: 26e1788e9444143a5a79ea3477544eb8, type: 3}
  m_Name: 
  m_EditorClassIdentifier: 
  _description: 'Shoots the target and jumps back 2 tiles. '
  _requiresTarget: 0
  _requiresEmptyTile: 0
  sprite: {fileID: 21300002, guid: 5f16b659c947541bcb752b08b07b025d, type: 3}
--- !u!114 &11437132
MonoBehaviour:
  m_ObjectHideFlags: 1
  m_PrefabParentObject: {fileID: 0}
  m_PrefabInternal: {fileID: 100100000}
  m_GameObject: {fileID: 184378}
  m_Enabled: 1
  m_EditorHideFlags: 0
  m_Script: {fileID: 11500000, guid: 0016ccd840ffa4c18a0cc68d4a42e8a4, type: 3}
  m_Name: 
  m_EditorClassIdentifier: 
--- !u!114 &11438436
MonoBehaviour:
  m_ObjectHideFlags: 1
  m_PrefabParentObject: {fileID: 0}
  m_PrefabInternal: {fileID: 100100000}
  m_GameObject: {fileID: 143040}
  m_Enabled: 1
  m_EditorHideFlags: 0
  m_Script: {fileID: 11500000, guid: 40a5abd33e9fb43f5b477e331e4a0e84, type: 3}
  m_Name: 
  m_EditorClassIdentifier: 
  level: 20
--- !u!114 &11477508
MonoBehaviour:
  m_ObjectHideFlags: 1
  m_PrefabParentObject: {fileID: 0}
  m_PrefabInternal: {fileID: 100100000}
  m_GameObject: {fileID: 1033935533110990}
  m_Enabled: 1
  m_EditorHideFlags: 0
  m_Script: {fileID: 11500000, guid: 2a05a8af6d47c44e7ad11d705acfed06, type: 3}
  m_Name: 
  m_EditorClassIdentifier: 
  particleEffectPrefab: {fileID: 0}
--- !u!1001 &100100000
Prefab:
  m_ObjectHideFlags: 1
  serializedVersion: 2
  m_Modification:
    m_TransformParent: {fileID: 0}
    m_Modifications:
    - target: {fileID: 0}
      propertyPath: horizontal
      value: 2
      objectReference: {fileID: 0}
    m_RemovedComponents: []
  m_ParentPrefab: {fileID: 0}
  m_RootGameObject: {fileID: 143040}
  m_IsPrefabParent: 1
--- !u!1 &1033935533110990
GameObject:
  m_ObjectHideFlags: 0
  m_PrefabParentObject: {fileID: 0}
  m_PrefabInternal: {fileID: 100100000}
  serializedVersion: 5
  m_Component:
  - component: {fileID: 4290084036237480}
  - component: {fileID: 114260231200183412}
  - component: {fileID: 11477508}
  - component: {fileID: 114150638338946716}
  m_Layer: 0
  m_Name: Damage
  m_TagString: Untagged
  m_Icon: {fileID: 0}
  m_NavMeshLayer: 0
  m_StaticEditorFlags: 0
  m_IsActive: 1
--- !u!4 &4290084036237480
Transform:
  m_ObjectHideFlags: 1
  m_PrefabParentObject: {fileID: 0}
  m_PrefabInternal: {fileID: 100100000}
  m_GameObject: {fileID: 1033935533110990}
  m_LocalRotation: {x: 0, y: 0, z: 0, w: 1}
  m_LocalPosition: {x: 0, y: 0, z: 0}
  m_LocalScale: {x: 1, y: 1, z: 1}
  m_Children: []
  m_Father: {fileID: 442938}
  m_RootOrder: 0
  m_LocalEulerAnglesHint: {x: 0, y: 0, z: 0}
--- !u!114 &114012628943495326
MonoBehaviour:
  m_ObjectHideFlags: 1
  m_PrefabParentObject: {fileID: 0}
  m_PrefabInternal: {fileID: 100100000}
  m_GameObject: {fileID: 143040}
  m_Enabled: 1
  m_EditorHideFlags: 0
  m_Script: {fileID: 11500000, guid: 4a8adfc5535c647298972755c76f8056, type: 3}
  m_Name: 
  m_EditorClassIdentifier: 
  minHorizonal: 1
  maxHorizontal: 1
  vertical: 2147483647
  outOfSightTiles: []
  _rangeModifiable: 0
  _requiresLineOfSight: 1
--- !u!114 &114105482847507332
MonoBehaviour:
  m_ObjectHideFlags: 1
  m_PrefabParentObject: {fileID: 0}
  m_PrefabInternal: {fileID: 100100000}
  m_GameObject: {fileID: 184378}
  m_Enabled: 1
  m_EditorHideFlags: 0
  m_Script: {fileID: 11500000, guid: 23d955aa0847e4b3d9336dcced335644, type: 3}
  m_Name: 
  m_EditorClassIdentifier: 
  particleEffectPrefab: {fileID: 0}
  _type: 0
  _distance: 2
  displaceOwner: 1
--- !u!114 &114150638338946716
MonoBehaviour:
  m_ObjectHideFlags: 1
  m_PrefabParentObject: {fileID: 0}
  m_PrefabInternal: {fileID: 100100000}
  m_GameObject: {fileID: 1033935533110990}
  m_Enabled: 1
  m_EditorHideFlags: 0
  m_Script: {fileID: 11500000, guid: f07da020220214cb5a3bf83485efe74b, type: 3}
  m_Name: 
  m_EditorClassIdentifier: 
--- !u!114 &114260231200183412
MonoBehaviour:
  m_ObjectHideFlags: 1
  m_PrefabParentObject: {fileID: 0}
  m_PrefabInternal: {fileID: 100100000}
  m_GameObject: {fileID: 1033935533110990}
  m_Enabled: 1
  m_EditorHideFlags: 0
  m_Script: {fileID: 11500000, guid: 0016ccd840ffa4c18a0cc68d4a42e8a4, type: 3}
  m_Name: 
  m_EditorClassIdentifier: 
--- !u!114 &114350296325566154
MonoBehaviour:
  m_ObjectHideFlags: 1
  m_PrefabParentObject: {fileID: 0}
  m_PrefabInternal: {fileID: 100100000}
  m_GameObject: {fileID: 184378}
  m_Enabled: 1
  m_EditorHideFlags: 0
  m_Script: {fileID: 11500000, guid: f07da020220214cb5a3bf83485efe74b, type: 3}
  m_Name: 
  m_EditorClassIdentifier: 
--- !u!114 &114421121329562832
MonoBehaviour:
  m_ObjectHideFlags: 1
  m_PrefabParentObject: {fileID: 0}
  m_PrefabInternal: {fileID: 100100000}
  m_GameObject: {fileID: 143040}
  m_Enabled: 1
  m_EditorHideFlags: 0
  m_Script: {fileID: 11500000, guid: fa64e73bda0ed4d3c815fe80503e152c, type: 3}
  m_Name: 
  m_EditorClassIdentifier: 
  duration: 2
--- !u!114 &114899749505627334
MonoBehaviour:
  m_ObjectHideFlags: 1
  m_PrefabParentObject: {fileID: 0}
  m_PrefabInternal: {fileID: 100100000}
  m_GameObject: {fileID: 143040}
  m_Enabled: 1
  m_EditorHideFlags: 0
  m_Script: {fileID: 11500000, guid: f1449afc18e4a47038c694139eb7df52, type: 3}
  m_Name: 
  m_EditorClassIdentifier: 
  amount: 4
--- !u!114 &114960783719897268
MonoBehaviour:
  m_ObjectHideFlags: 1
  m_PrefabParentObject: {fileID: 0}
  m_PrefabInternal: {fileID: 100100000}
  m_GameObject: {fileID: 143040}
  m_Enabled: 1
  m_EditorHideFlags: 0
  m_Script: {fileID: 11500000, guid: 10818c1677de84b63ae618cba26e2f2e, type: 3}
  m_Name: 
  m_EditorClassIdentifier: 
